@article{margossian2020hamiltonian,
  title={Hamiltonian Monte Carlo using an adjoint-differentiated Laplace approximation},
  author={Margossian, Charles C and Vehtari, Aki and Simpson, Daniel and Agrawal, Raj},
  journal={arXiv preprint arXiv:2004.12550},
  year={2020}
}


@article{Dillon+etal:2017:tensorflow_distributions,
  title={Tensorflow distributions},
  author={Dillon, Joshua V and Langmore, Ian and Tran, Dustin and Brevdo, Eugene and Vasudevan, Srinivas and Moore, Dave and Patton, Brian and Alemi, Alex and Hoffman, Matt and Saurous, Rif A},
  journal={arXiv preprint arXiv:1711.10604},
  year={2017}
}

@article{Agrawal:2019,
           Author = {Agrawal, Raj and Huggins, Jonathan H and Trippe, Brians and
                          Broderick, Tamara},
          title = {The {K}ernel Interaction Trick: Fast {B}ayesian Discovery of Pairwise
            Interactions in High Dimensions},
          journal = {Proceedings of the 36th International Conference on Machine Learning},
          volume = {97},
          month = {April},
          year = {2019}}

@article{Baydin:2018,
  author    = {Atilim Gunes Baydin and
               Barak A. Pearlmutter and
               Alexey Andreyevich Radul and
               Siskind,  Jeffrey Mark},
  title     = {Automatic differentiation in machine learning: a survey},
  journal   = {Journal of Machine Learning Research},
  volume    = {18},
  pages = {1 -- 43},
  year      = {2018},
}

@incollection{Bell:2008,
              author = {Bell, Bradley M and Burke, James V},
              title = {Algorithmic Differentiation of Implicit Functions and Optimal Values},
              booktitle = {Advances in Automatic Differentiation. Lecture Notes in Computational Science and Engineering},
              editor = {Bischof, C.H and B{\"u}cker, H.M and Hovland, P and Naumann, U and Utke, J},
              year = {2008},
              volume = {64},
              doi = {https://doi.org/10.1007/978-3-540-68942-3_17},
              publisher = {Springer, Berlin, Heidelberg}}

 @article{Betancourt:2013,
    Author = {Betancourt, Michael and Girolami, Mark},
    Title = {{Hamiltonian Monte Carlo} for Hierarchical Models},
    Year = {2013},
    Journal = {arXiv:1312.0906v1},
    doi = {10.1201/b18502-5}}

 @article{Betancourt:2015,
               Author = {Betancourt, Michael and Byrne, Simon and Girolami, Mark},
               title = {Optimizing the integrator step size of {Hamiltonian Monte Carlo}},
               journal = {arXiv:1411.6669},
               year = {2015}}

 @article{Betancourt:2018,
	Author = {Betancourt, Michael},
	Journal = {arXiv:1701.02434v1},
	Title = {A Conceptual Introduction to {Hamiltonian Monte Carlo}},
	Year = {2018}}

@article{Betancourt:2018b,
  author = {Betancourt, Michael},
  title = {A Geometric Theory of Higher-Order Automatic Differentiation},
  year = {2018},
  journal = {arXiv:1812.11592}
  }

@article{Betancourt:2017,
              Author = {Betancourt, Michael J and Byrne, Simon and Livingstone, Samuel and Girolami, Mark},
              title = {The Geometric Foundations of {Hamiltonian Monte Carlo}},
              journal = {Bernoulli},
              volume = {23},
              issue = {4A},
              pages = {2257 -- 2298},
              year = {2017}}

@article{Cseke:2011,
  author = {Botond Cseke and  Heskes, Tom},
  title = {Approximate marginals in latent {Gaussian} models},
  journal = {Journal of Machine Learning Research},
  volume = {12},
  issue = {2},
  page = {417 -- 454},
  year = {2011}}

@article{Carpenter:2015,
	Author = {Carpenter, Bob and Hoffman, Matthew D. and Brubaker, Marcus A. and Lee, Daniel and Li, Peter and Betancourt, Michael J.},
	Journal = {arXiv 1509.07164.},
	Title = {The {S}tan Math Library: Reverse-Mode Automatic Differentiation in {C}++},
	Year = {2015}}

@article{Carpenter:2017,
         Title = {Stan: {A} Probabilistic Programming Language},
         Author = {Carpenter, Bob and Gelman, Andrew and Hoffman, Matt and Lee, Daniel and Goodrich, Ben and Betancourt, Michael and Brubaker, Marcus A. and Guo, Jiqiang and Li, Peter and Riddel, Allen},
         Journal = {Journal of Statistical Software},
         volume = {76},
         issue = {1},
         pages = {1 --32},
         Year = {2017},
         doi = {10.18637/jss.v076.i01}}

@article{Carvalho+Polson+Scott:2010:HS,
    title = {The {H}orseshoe estimator for sparse signals},
    year = {2010},
    journal = {Biometrika},
    author = {Carvalho, Carlos M. and Polson, Nicholas G. and Scott, James G.},
    number = {2},
    pages = {465--480},
    volume = {97},
    publisher = {Biometrika Trust},
    isbn = {0006-3444},
    doi = {10.1093/biomet/asq017},
    issn = {00063444},
    pmid = {20882103},
    keywords = {Normal scale mixture, Ridge regression, Robustness, Shrinkage, Sparsity, Thresholding}
}

@book{Stan:2020,
  author = {{Stan development team}},
  title = {Stan reference manual},
  url = {https://mc-stan.org/docs/2_22/reference-manual/},
  year = {2020}}

@article{Errico:1997,
               Author = {Errico, M},
               title = {What is an adjoint model?},
               journal = {Bulletin of the American Meteorological Society},
               volume = {78},
               pages = {2577 -- 2591},
               year = {1997}}

@article{Gomez:2018,
  author = {G\'omez-Rubio, Virgilio and Rue, Havard},
  title = {Markov chain {Monte Carlo} with the Integrated Nested {Laplace} Approximation},
  journal = {Statistics and Computing},
  volume = {28},
  pages = {1033 -- 1051},
  year = {2018}}

@book{Griewank:2008,
	Author = {Griewank, Andreas and Walther, Andrea},
	Edition = {Second},
	Publisher = {Society for Industrial and Applied Mathematics (SIAM), Philadelphia, PA},
	Title = {Evaluating derivatives},
	Year = {2008}}

@article{Hoffman:2014,
	Author = {Hoffman, Matthew D. and Gelman, Andrew},
	Journal = {Journal of Machine Learning Research},
	Month = {April},
	Volume = {15},
	Issue = {1},
	Pages = {1593-1623},
	Title = {The {No-U-Turn Sampler}: Adaptively Setting Path Lengths in {Hamiltonian Monte Carlo}},
	Year = {2014}}

@article{Kristensen:2016,
   author = {Kristensen, Kasper and Nielsen, Anders and Berg, Casper W and Skaug, Hans and Bell, Bradley M},
   title = {{TMB}: Automatic Differentiation and {L}aplace Approximation},
   journal = {Journal of statistical software},
   volume = {70},
   issue = {5},
   pages = {1 -- 21},
   year = {2016}}

@article{Kuss:2005,
  author = {Kuss, Malte and Rasmussen, Carl E},
  title = {Assessing Approximate Inference for Binary {Gaussian} Process Classification},
  journal = {Journal of Machine Learning Research},
  volume = {6},
  pages = {1679 -- 1704},
  year = {2005}}

@article{Margossian:2019,
	Author = {Charles C. Margossian},
	Month = {3},
	Title = {A Review of automatic differentiation and its efficient implementation},
	journal = {Wiley interdisciplinary reviews: data mining and knowledge discovery},
	volume = {9},
        issue = {4},
        doi = {10.1002/WIDM.1305},
	Year = {2019}}

@article{Monnahan:2018,
    author = {Monnahan, Cole C and Kristensen, Kasper},
    title = {{No-U-turn} sampling for fast {Bayesian} inference in {ADMB} and {TMB}:
    Introducing the adnuts and tmbstan {R} packages},
    journal = {Plos One},
    volume = {13},
    issue = {5},
    doi = {https://doi.org/10.1371/journal.pone.0197954},
    year = {2018}}

@article{Neal:2003,
              Author = {Neal, Radford M.},
              Title = {Slice sampling},
              Journal = {Annals of statistics},
              Volume = {31},
              Issue = {3},
              year = {2003},
              pages = {705 -- 767}}

@incollection{Neal:2012,
	Author = {Neal, Radford M.},
	Publisher = {Chapman \& Hall / CRC Press},
	Booktitle = {Handbook of Markov Chain Monte Carlo},
	Title = {{MCMC} using {H}amiltonian Dynamics},
	Year = {2012}}

@book{Rasmussen:2006,
  Title = {Gaussian Processes for Machine Learning},
  Author = {Rasmussen, C. E. and Williams, C. K. I.},
  publisher = {The MIT Press},
  Year = {2006}}

@article{Rue:2009,
  Author = {Rue, Havard and Chopin, Nicolas},
  Title = {Approximate {B}ayesian inference for latent {G}aussian models by using integrated nested {L}aplace approximations},
  Journal = {Journal of Royal Statistics B},
  Volume = {71},
  issue = {2},
  pages = {319 -- 392},
  Year = {2009}}

@article{Rue:2017,
  Title = {Bayesian Computing with {INLA}: A Review},
  Author = {Rue, Havard and Riebler, Andrea and Sorbye, Sigrunn and Illian, Janine and Simson, Daniel and Lindgren, Finn},
  Year = {2017},
  Journal = {Annual Review of Statistics and its Application},
  Volume = {4},
  pages = {395 -- 421},
  doi ={https://doi.org/10.1146/annurev-statistics-060116-054045}}

@article{Salvatier:2016,
         Author = {Salvatier, John and Wiecki, Thomas V. and Fonnesbeck, Christopher},
         Journal = {PeerJ Computer Science},
         Title = {Probabilistic programming in {Python} using {PyMC3}},
         volume = {2},
         issue = {e55},
         Year = {2016},
         doi = {https://doi.org/10.7717/peerj-cs.55}}

@article{Talts:2018,
  author = {Talts, Sean and Betancourt, Michael and Simpson, Daniel and Vehtari, Aki and Gelman, Andrew},
  title = {Validating {Bayesian} inference algorithms with simulation-based calibration},
  journal = {arXiv:1804.06788v1},
  year = {2018}}

@article{Tierney:1986,
   author = { Luke   Tierney  and  Joseph B.   Kadane },
   title = {Accurate Approximations for Posterior Moments and Marginal Densities},
   journal = {Journal of the American Statistical Association},
   volume = {81},
   number = {393},
   pages = {82-86},
   year  = {1986},
   publisher = {Taylor & Francis},
  doi = {10.1080/01621459.1986.10478240},
  URL = {  https://amstat.tandfonline.com/doi/abs/10.1080/01621459.1986.10478240},
   eprint = {https://amstat.tandfonline.com/doi/pdf/10.1080/01621459.1986.10478240}
}

@incollection{Vanhatalo:2009,
title = {Gaussian process regression with Student-t likelihood},
author = {Jarno Vanhatalo and Pasi Jyl\"{a}nki and Aki Vehtari},
booktitle = {Advances in Neural Information Processing Systems 22},
editor = {Y. Bengio and D. Schuurmans and J. D. Lafferty and C. K. I. Williams and A. Culotta},
pages = {1910--1918},
year = {2009},
publisher = {Curran Associates, Inc.},
url = {http://papers.nips.cc/paper/3806-gaussian-process-regression-with-student-t-likelihood.pdf}
}

@article{Vanhatalo+Pietilainen+Vehtari:2010,
  author        = {Jarno Vanhatalo and Ville Pietil\"{a}inen and Aki Vehtari},
  title         = {Approximate inference for disease mapping with sparse {Gaussian} processes},
  journal       = {Statistics in Medicine},
  year          = {2010},
  volume        = {29},
  number        = {15},
  pages         = {1580--1607}
}

@article{Vanhatalo:2013,
              author = {Vanhatalo, Jarno and Riihim\"aki, Jaakko and Hartikainen, Jouni
                             and Jyl\"anki, Pasi and Tolvanen, Ville and Vehtari, Aki},
              title = {{GPstuff}: {Bayesian} Modeling with {Gaussian} Processes},
              journal = {Journal of Machine Learning Research},
              Volume = {14},
  pages={1175--1179},
              Year = {2013}}

@article{Piironen:2017,
               author = {Piironen, Juho and Vehtari, Aki},
               year = {2017},
               title = {Sparsity information and regularization in the horseshoe and other shrinkage priors},
               journal = {Electronic Journal of Statistics},
               volume = {11},
               issue = {2},
	pages={5018--5051},
	       }


@article{Vehtari:2020,
              author = {Vehtari, Aki and Gelman, Andrew and Simpson, Daniel and Carpenter, Bob
              and Buerkner, Paul-Christian},
              title = {Rank-normalization, folding, and localization:
                         An improved $\hat R$ for assessing convergence of {MCMC}},
               year = {2020},
               journal = {arXiv:1903.08008}}

@Article{Vehtari+etal:2019:psis,
  author    = {Vehtari, Aki and Simpson, Daniel and Gelman, Andrew and Yao, Yuling and Gabry, Jonah},
  title     = {Pareto smoothed importance sampling},
  journal   = {arXiv:1507.02646},
  year      = {2019},
  url       = {https://arxiv.org/abs/1507.02646}
}

@article{Vehtari+etal:2016:loo_glvm,
  author  = {Aki Vehtari and Tommi Mononen and Ville Tolvanen and Tuomas Sivula and Ole Winther},
  title   = {Bayesian Leave-One-Out Cross-Validation Approximations for {Gaussian} Latent Variable Models},
  journal = {Journal of Machine Learning Research},
  year    = {2016},
  volume  = {17},
  number  = {103},
  pages   = {1--38},
  url     = {http://jmlr.org/papers/v17/14-540.html}
}
